@online{spVSExtensions,
  url          = {https://www.sitepoint.com/vs-code-extensions-javascript-developers/},
  title        = {10 Must-have VS Code Extensions for JavaScript Developers},
  author       = {Michael Wanyoike},
  month        = {04},
  year         = {2020},
  urldate      = {2021-03-20},
  language     = {Inglês},
  organization = {SitePoint}
}

@online{reactToolsSP,
  title        = {20 Essential React Tools},
  year         = {2020},
  month        = {10},
  author       = {Camilo Reyes},
  language     = {Inglês},
  organization = {SitePoint},
  urldate      = {2020-03-15}
}

@online{tsLinkedin,
  url      = {https://www.linkedin.com/pulse/importância-do-typescript-daniel-de-souza-neris/?articleId=6684939787595513856},
  title    = {A importância do TypeScript},
  author   = {Daniel de Souza Neris},
  month    = {07},
  year     = {2020},
  urldate  = {2021-03-17},
  language = {Português do Brasil}
}

@online{apolloDocs,
  title        = {Apollo Docs~\textemdash~Get Started (React)},
  url          = {https://www.apollographql.com/docs/react/get-started/},
  organization = {Apollo},
  language     = {Inglês},
  urldate      = {2021-05-24}
}

@online{mockingData,
  title    = {Building Frontend Applications By Mocking Your Entire API With Testing Tools},
  url      = {https://medium.com/swlh/building-frontend-applications-by-mocking-your-entire-api-with-testing-tools-2f050359677f},
  urldate  = {2021-06-11},
  language = {Inglês},
  author   = {Jason Lai},
  month    = {09},
  year     = {2020}
}

@online{expressVsKoa,
  title    = {Choosing the right Node.js Framework: Express, Koa, or Hapi?},
  url      = {https://nodesource.com/blog/Express-Koa-Hapi},
  language = {Inglês},
  urldate  = {2021-05-26},
  author   = {Liz Parody},
  month    = {03},
  year     = {2019}
}

@online{mediumPtTS,
  url      = {https://medium.com/@glaucia86/conhecendo-typescript-8fd74e8d13fb},
  title    = {Conhecendo TypeScript!},
  year     = {2017},
  month    = {01},
  author   = {Glaucia Lemos},
  urldate  = {2021-03-17},
  language = {Português do Brasil}
}

@online{cReactAppCli,
  url          = {https://dev.to/softwaredevacademy/create-a-react-app-using-the-command-line-3e6p},
  organization = {Dev.to},
  title        = {Create a React app using the command line},
  month        = {06},
  year         = {2021},
  urldate      = {2021-06-06},
  language     = {Inglês},
  author       = {Software Development Academy}
}

@online{createReactAppSP,
  url          = {https://www.sitepoint.com/create-react-app/},
  title        = {Create React App: Get React Projects Ready Fast},
  month        = {11},
  year         = {2020},
  urldate      = {2021-03-15},
  author       = {Pavels Jelisejevs},
  organization = {SitePoint},
  language     = {Inglês}
}

@online{createReactProj,
  url          = {https://dev.to/underscorecode/creating-your-react-project-from-scratch-without-create-react-app-the-complete-guide-4kbc},
  title        = {Creating your React project from scratch without create-react-app},
  subtitle     = {The complete guide},
  language     = {Inglês},
  organization = {Dev.to},
  month        = {06},
  year         = {2021},
  urldate      = {2021-06-06},
  author       = {\_CODE}
}

@online{postgresDocker,
  url          = {https://docs.docker.com/samples/postgresql_service/},
  title        = {Dockerize PostgreSQL},
  organization = {Docker},
  urldate      = {2021-06-02},
  language     = {Inglês}
}

@online{endToEndJestPuppeteer,
  url      = {https://rexben.medium.com/end-to-end-testing-in-react-with-puppeteer-and-jest-6a0b1b8cff6b},
  urldate  = {2021-06-06},
  title    = {End to End testing in React with Puppeteer and Jest},
  author   = {Benjamin Ajewole},
  month    = {03},
  year     = {2020},
  language = {Inglês}
}

@online{redHatPostgres,
  title        = {Getting started with PostgreSQL on Linux},
  language     = {Inglês},
  urldate      = {2021-03-20},
  organization = {RedHat},
  url          = {https://www.redhat.com/sysadmin/postgresql-setup-use-cases},
  year         = {2019},
  month        = {03}
}

@online{gettingStartReactSP,
  title        = {Getting Started with React: A Beginner's Guide},
  url          = {https://www.sitepoint.com/getting-started-react-beginners-guide/},
  organization = {SitePoint},
  month        = {10},
  year         = {2020},
  urldate      = {2021-03-15},
  author       = {Michael Wanyoike},
  language     = {Inglês}
}

@online{graphQLisBest,
  title        = {GraphQL is the better REST},
  url          = {https://www.howtographql.com/basics/1-graphql-is-the-better-rest/},
  language     = {Inglês},
  organization = {How To GraphQL},
  urldate      = {2021-06-04}
}

@online{knowGraphQLvsRest,
  title    = {GraphQL vs REST: What You Need to Know},
  url      = {https://www.rubrik.com/blog/technology/19/11/graphql-vs-rest-apis},
  year     = {2019},
  month    = {11},
  author   = {Drew Russell},
  language = {Inglês}
}

@online{graphqlVsRestWichIsBetter,
  url      = {https://www.imaginarycloud.com/blog/graphql-vs-rest/},
  title    = {GraphQL VS REST: Which one is better?},
  month    = {05},
  year     = {2019},
  author   = {João Inez},
  language = {Inglês},
  urldate  = {2021-06-04}
}

@online{difGraphQLvsRest,
  title    = {GraphQL vs. REST | Quais são as diferenças?},
  url      = {https://blog.back4app.com/pt/graphql-vs-rest-quais-sao-as-diferencas/},
  author   = {Mariana Clark},
  urldate  = {2021-06-04},
  language = {Português do Brasil}
}

@online{createLibReact,
  url          = {https://dev.to/jimjunior/how-to-create-an-npm-library-from-react-components-2m2#creating-the-library},
  title        = {How to create an npm library from React components},
  author       = {Beingana Jim Junior},
  organization = {Dev.to},
  urldate      = {2021-06-06},
  month        = {02},
  year         = {2021},
  language     = {Inglês}
}

@online{postgresContainer,
  title        = {How to Deploy PostgreSQL on Docker Container},
  url          = {https://phoenixnap.com/kb/deploy-postgresql-on-docker},
  month        = {01},
  year         = {2020},
  language     = {Inglês},
  urldate      = {2021-06-02},
  organization = {PhoenixNap}
}

@online{migrateReactTSSP,
  title        = {How to Migrate a React App to TypeScript},
  url          = {https://www.sitepoint.com/how-to-migrate-a-react-app-to-typescript/},
  author       = {Joe Previte},
  organization = {SitePoint},
  language     = {Inglês},
  year         = {2020},
  month        = {03},
  urldate      = {2021-03-15}
}

@online{vscodeReactSP,
  url          = {https://www.sitepoint.com/vs-code-react-development/},
  title        = {How to Set Up VS Code for React Development},
  author       = {Michael Wanyoike},
  month        = {01},
  year         = {2021},
  urldate      = {2021-03-16},
  organization = {SitePoint},
  language     = {Inglês}
}

@book{modernWeb,
  author    = {Filipe Portela e Ricardo Queirós},
  title     = {Introdução ao Desenvolvimento Moderno para Web},
  subtitle  = {Do front-end ao back-end: uma visão global!},
  publisher = {FCA},
  isbn      = {978-972-722-897-3},
  year      = {2018},
  language  = {Português}
}

@online{learnNode,
  url          = {https://nodejs.dev/learn},
  title        = {Introduction to Node.js},
  organization = {NodeJS},
  language     = {Inglês},
  urldate      = {2021-03-19}
}

@online{introkoa,
  title    = {Introduction to the Koa.js Framework},
  url      = {https://www.section.io/engineering-education/introduction-to-koajs/},
  month    = {09},
  year     = {2020},
  author   = {Peter Kayere},
  language = {Inglês}
}

@book{learningReact,
  isbn      = {978-1-491-95462-1},
  title     = {Learning React},
  subtitle  = {Functional Web Development with React and Redux},
  author    = {Alex Banks e Eve Porcello},
  month     = {05},
  year      = {2017},
  publisher = {O'Reilly},
  language  = {Inglês}
}

@online{mockingGraphql,
  title    = {Mocking and Testing GraphQL in React},
  author   = {Leigh Halliday},
  url      = {https://www.telerik.com/blogs/mocking-and-testing-graphql-in-react},
  month    = {07},
  year     = {2019},
  language = {Inglês},
  urldate  = {2021-06-11}
}

@online{mockingApolloTesting,
  title    = {Mocking Apollo GraphQL Queries in React Testing},
  url      = {https://typeofnan.dev/mocking-apollo-graphql-queries-in-react-testing/},
  author   = {Nick Scialli},
  month    = {02},
  year     = {2021},
  language = {Inglês},
  urldate  = {2021-06-11}
}

@online{modernCypressTesting,
  url          = {https://www.cypress.io/blog/2019/02/05/modern-frontend-testing-with-cypress/},
  title        = {Modern Front-end Testing with Cypress},
  month        = {02},
  year         = {2019},
  organization = {Cypress},
  language     = {Inglês},
  urldate      = {2021-06-06}
}

@online{vantagensNode,
  title    = {Node.js – O que é, como funciona e quais as vantagens},
  url      = {https://www.opus-software.com.br/node-js/},
  month    = {09},
  year     = {2018},
  language = {Português do Brasil},
  author   = {Lenon}
}

@online{introNodeW3,
  url          = {https://www.w3schools.com/nodejs/nodejs_intro.asp},
  title        = {Node.js Introduction},
  language     = {Inglês},
  organization = {W3Schools},
  urldate      = {2021-03-19}
}

@online{yarnVSNpm,
  title    = {NPM vs. Yarn: Which Package Manager Should You Choose?},
  url      = {https://www.whitesourcesoftware.com/free-developer-tools/blog/npm-vs-yarn-which-should-you-choose/},
  author   = {Guy Bar-Gil},
  month    = {08},
  year     = {2020},
  language = {Inglês},
  urldate  = {2021-05-20}
}

@online{whatisGraphql,
  url          = {https://www.redhat.com/pt-br/topics/api/what-is-graphql	},
  title        = {O que é GraphQL?},
  language     = {Português do Brasil},
  organization = {RedHat},
  urldate      = {2021-03-19}
}

@online{editReact,
  title        = {O que é React.JS e porque devemos usá-lo?},
  language     = {Português},
  urldate      = {2021-03-15},
  url          = {https://edit.com.pt/blog/o-que-e-reactjs-e-porque-devemos-usa-lo/},
  month        = {12},
  year         = {2018},
  organization = {EDIT.}
}

@online{tsTakeBlip,
  title    = {Por que usar TypeScript como linguagem de programação},
  url      = {https://take.net/blog/devs/por-que-usar-typescript},
  urldate  = {2021-03-17},
  author   = {Samuel Martins},
  year     = {2018},
  month    = {11},
  language = {Português do Brasil}
}

@online{typescriptTalk,
  url      = {https://www.treinaweb.com.br/blog/precisamos-falar-sobre-o-typescript/},
  title    = {Precisamos falar sobre o TypeScript},
  author   = {Cleber Campomori},
  year     = {2017},
  month    = {04},
  language = {Português do Brasil},
  urldate  = {2021-03-17}
}

@online{publishReactPackage,
  url      = {https://levelup.gitconnected.com/publish-react-components-as-an-npm-package-7a671a2fb7f},
  title    = {Publish React components as an npm package},
  author   = {JB},
  year     = {2021},
  month    = {04},
  urldate  = {2021-06-06},
  language = {Inglês}
}

@online{pwaNeilPatel,
  title        = {PWA (Progressive Web App): O Que É e Como Criar o Seu (+3 Exemplos)},
  url          = {https://neilpatel.com/br/blog/pwa-o-que-e/},
  language     = {Português do Brasil},
  organization = {NeilPatel},
  urldate      = {2021-03-20}
}

@online{pwaRocketseat,
  title        = {PWA: O que é? Vale a pena? Quando utilizar?},
  url          = {https://blog.rocketseat.com.br/pwa-o-que-e-quando-utilizar/},
  organization = {Rocketseat},
  urldate      = {2021-03-20},
  language     = {Português do Brasil},
  year         = {2018},
  author       = {Diego Fernandes}
}

  @online{reactTesting,
  title        = {React \textemdash~Testing Overview},
  url          = {https://reactjs.org/docs/testing.html},
  urldate      = {2021-06-06},
  language     = {Inglês},
  organization = {React}
}

@online{endToEndCypress,
  url      = {https://medium.com/@abhinabaghosh.1994/react-testing-made-easy-with-cypress-262340597b08},
  urldate  = {2021-06-06},
  title    = {React End-to-End testing made easy with Cypress},
  month    = {05},
  year     = {2020},
  author   = {Abhinaba Ghosh},
  language = {Inglês}
}

@online{endToEndWJest,
  url          = {https://blog.logrocket.com/react-end-to-end-testing-jest-puppeteer/},
  title        = {React End-to-End testing using Jest and Puppeteer},
  month        = {03},
  year         = {2021},
  urldate      = {2021-06-06},
  author       = {Yomi Eluwande},
  organization = {LogRocket},
  language     = {Inglês}
}

@online{reactEndToEndGuide,
  title    = {React End-To-End Testing: A Guide to Getting Started},
  url      = {https://www.testim.io/blog/react-end-to-end-testing/},
  urldate  = {2021-06-06},
  author   = {Testim},
  month    = {12},
  year     = {2020},
  language = {Inglês}
}

@book{reactNotesForProfessionals,
  publisher = {GoalKicker.com},
  month     = {05},
  year      = {2018},
  title     = {React JS},
  subtitle  = {Notes for Professionals},
  language  = {Inglês},
  url       = {https://goalkicker.com/ReactJSBook/}
}

@online{reactToolsVS,
  title        = {React Tools for VS Code},
  url          = {https://scotch.io/starters/react/editor-tools},
  author       = {Chris Sev},
  language     = {Inglês},
  urldate      = {2021-03-20},
  organization = {Scotch}
}

@online{reactTSSP,
  title        = {React with TypeScript: Best Practices},
  url          = {https://www.sitepoint.com/react-with-typescript-best-practices/},
  author       = {Joe Previte},
  month        = {09},
  year         = {2020},
  language     = {Inglês},
  organization = {SitePoint},
  urldate      = {2021-03-15}
}

@online{settingDevEnvNode,
  url          = {https://developer.mozilla.org/en-US/docs/Learn/Server-side/Express_Nodejs/development_environment},
  title        = {Setting up a Node development environment},
  organization = {Mozilla},
  urldate      = {2021-03-19},
  language     = {Inglês}
}

@online{apolloTest,
  url          = {https://www.apollographql.com/docs/react/api/react/testing/},
  title        = {Testing},
  subtitle     = {Apollo Client React testing API},
  organization = {Apollo},
  language     = {Inglês},
  urldate      = {2021-06-11}
}

@online{jestReact,
  title        = {Testing React Apps},
  url          = {https://jestjs.io/docs/tutorial-react},
  urldate      = {2021-06-06},
  organization = {Jest},
  language     = {Inglês}
}

@online{apolloTestsDocs,
  title        = {Testing React components},
  url          = {https://www.apollographql.com/docs/react/development-testing/testing/},
  organization = {Apollo},
  urldate      = {2021-06-06},
  language     = {Inglês}
}

@online{goodBadNode,
  title        = {The Good and the Bad of Node.js Web App Development},
  url          = {https://www.altexsoft.com/blog/engineering/the-good-and-the-bad-of-node-js-web-app-development/},
  month        = {10},
  year         = {2019},
  language     = {Inglês},
  urldate      = {2021-03-19},
  organization = {AltexSoft}
}

@online{tsGodAndBad,
  title        = {The Good and the Bad of the TypeScript},
  url          = {https://www.altexsoft.com/blog/typescript-pros-and-cons/},
  month        = {02},
  year         = {2020},
  organization = {AltexSoft},
  urldate      = {2021-03-19},
  language     = {Inglês}
}

@book{roadGraphQl,
  title     = {The Road to GraphQL},
  subtitle  = {Your journey to master pragmatic GraphQL in JavaScript with React.js and Node.js},
  author    = {Robien Wieruch},
  url       = {https://leanpub.com/the-road-to-graphql},
  publisher = {Leanpub},
  year      = {2018},
  urldate   = {2021-05-18},
  language  = {Inglês}
}

@online{ultimateVSReact,
  title    = {The Ultimate VSCode Setup for Front End/JS/React},
  url      = {https://medium.com/productivity-freak/the-ultimate-vscode-setup-for-js-react-6a4f7bd51a2},
  month    = {11},
  year     = {2018},
  author   = {Elad Ossadon},
  language = {Inglês},
  urldate  = {2021-03-20}
}

@online{namingConvention,
  url          = {https://dev.to/prahladyeri/underscores-camelcasing-and-pascalcasing-the-three-naming-conventions-every-programmer-should-be-aware-of-3aed},
  language     = {Inglês},
  title        = {under\_scores, camelCase and PascalCase - The three naming conventions every programmer should be aware of},
  month        = {07},
  year         = {2019},
  urldate      = {2021-03-13},
  organization = {Dev.to},
  author       = {Prahlad Yer}
}

@online{unitTestsReact,
  title    = {Unit Testing React Components},
  url      = {https://medium.com/javascript-scene/unit-testing-react-components-aeda9a44aae2},
  author   = {Eric Elliott},
  month    = {03},
  year     = {2019},
  urldate  = {2021-06-06},
  language = {Inglês}
}

@online{restfulVsGraphql,
  url      = {https://medium.com/swlh/using-restful-apis-versus-graphql-1e6c350d56c9},
  title    = {Using RESTful APIs versus GraphQL},
  author   = {Daniel Jun},
  month    = {09},
  year     = {2019},
  urldate  = {2021-06-04},
  language = {Inglês}
}

@online{ibmPostgres,
  url          = {https://www.ibm.com/cloud/learn/postgresql},
  title        = {What is PostgreSQL?},
  month        = {08},
  year         = {2019},
  organization = {IBM},
  language     = {Inglês},
  urldate      = {2021-03-20}
}

@online{whatIsPostgres,
  title    = {What is PostgreSQL?},
  url      = {https://looker.com/databases/postgresql},
  language = {Inglês},
  urldate  = {2021-03-20}
}

@online{caseByCaseNode,
  url          = {https://www.toptal.com/nodejs/why-the-hell-would-i-use-node-js},
  organization = {TopTal},
  title        = {Why The Hell Would I Use Node.js? A Case-by-Case Tutorial},
  author       = {Tomislav Capan},
  urldate      = {2021-03-19},
  language     = {Inglês}
}

	@online{yarnVSNpm19,
  title    = {Yarn vs. npm in 2019: Choosing the Right Package Manager for the Job},
  url      = {https://soshace.com/yarn-package-manager-in-2019-should-we-keep-on-comparing-yarn-with-npm/},
  month    = {06},
  year     = {2019},
  author   = {Denis Kryukov},
  language = {Inglês},
  urldate  = {2021-05-20}
}